<?xml version="1.0" encoding="UTF-8"?><collection xmlns="http://www.loc.gov/MARC21/slim"><record><leader>00432nam--2200145-i-4500</leader><controlfield tag="001">000034580</controlfield><controlfield tag="002">20161230</controlfield><controlfield tag="005">20161230201040</controlfield><controlfield tag="008">060222s1000------------r-----000-0-eng-d</controlfield><datafield ind1=" " ind2=" " tag="080"><subfield code="a">517.1(079.1)</subfield></datafield><datafield ind1="1" ind2="0" tag="100"><subfield code="a">Nicolescu, Catalin Petru</subfield></datafield><datafield ind1="1" ind2=" " tag="245"><subfield code="a">Teste de analiza matematica.cuvint inainte de prof.dr.doc.constantin dramba</subfield></datafield><datafield ind1=" " ind2=" " tag="260"><subfield code="a">Bucuresti, Editura Albatros, 1984. 464p</subfield></datafield><datafield ind1=" " ind2=" " tag="852"><subfield code="a">71636</subfield><subfield code="c">517</subfield></datafield><datafield ind1=" " ind2=" " tag="CAT"><subfield code="a">Sys</subfield><subfield code="c">20080707</subfield><subfield code="h">131702</subfield></datafield></record></collection>